<?xml version="1.0" encoding="UTF-8"?><collection xmlns="http://www.loc.gov/MARC21/slim"><record><leader>00411nam--2200133-i-4500</leader><controlfield tag="001">000039917</controlfield><controlfield tag="002">20161230</controlfield><controlfield tag="005">20161230201042</controlfield><controlfield tag="008">060222s1000------------r-----000-0-eng-d</controlfield><datafield ind1=" " ind2=" " tag="080"><subfield code="a">530.145:539.12</subfield></datafield><datafield ind1=" " ind2=" " tag="100"><subfield code="a">Muller,V.F. And Ruhl,W</subfield></datafield><datafield ind1=" " ind2=" " tag="245"><subfield code="a">Small coupling (low temperature) expansions of gauge field models on a lasttice. part 1:the abelian case</subfield></datafield><datafield ind1=" " ind2=" " tag="260"><subfield code="a">Kaiserslautern, Univ.,1980. 33 P</subfield></datafield><datafield ind1=" " ind2=" " tag="852"><subfield code="a">48214</subfield></datafield></record></collection>